@misc{blei2003latent,
  title={Latent dirichlet allocation},
  author={Blei, David M and Ng, Andrew Y and Jordan, Michael I},
  journal={Journal of machine Learning research},
  volume={3},
  number={Jan},
  pages={993--1022},
  year={2003}
}

@misc{onlineLDAvb,
 author = {Hoffman, Matthew D. and Blei, David M. and Bach, Francis},
 title = {Online Learning for Latent Dirichlet Allocation},
 booktitle = {Proceedings of the 23rd International Conference on Neural Information Processing Systems},
 series = {NIPS'10},
 year = {2010},
 location = {Vancouver, British Columbia, Canada},
 pages = {856--864},
 numpages = {9},
 url = {http://dl.acm.org/citation.cfm?id=2997189.2997285},
 acmid = {2997285},
 publisher = {Curran Associates Inc.},
 address = {USA},
} 

@misc{alexminnar,
 author = {Alex Minnaar},
 title = {Online Latent Dirichlet Allocation - The Best Option for Topic Modeling with Large Data Sets},
 booktitle = {Proceedings of the 23rd International Conference on Neural Information Processing Systems},
 series = {Bayesian Inference NLP},
 url = {alexminnaar.com/online-latent-dirichlet-allocation-the-best-option-for-topic-modeling-with-large-data-sets.html},
} 
